@InProceedings{niraj_date2006,
author = {P. Gupta and others},
title = {Test Generation for Combinational Quantum Cellular Automata {QCA} Circuits},
booktitle = {Proceedings of the Design, Automation and Test in Europe, 2006. DATE '06 },
pages = {1--6},
OPTyear = {2006},
OPTeditor = {•},
volume = {1},
OPTnumber = {•},
OPTseries = {•},
OPTaddress = {•},
OPTmonth = {•},
organization = {IEEE},
OPTpublisher = {•},
OPTnote = {•},
OPTannote = {•}
}

@Article{lent_tnano1993,
author = {C. S. Lent and others},
title = {Quantum-dot Cellular Automata},
journal = {Nanotechnology},
year = {1993},
volume = {4},
pages = {49--57},
}

@Article{lent_jap1994,
author = {P. D. Tougaw and C. S. Lent},
title = {Logical devices implemented using quantum cellular automata},
journal = {Journal of Applied Physics},
year = {1994},
volume = {75},
number = {3},
pages = {1818--1825},
OPTmonth = {Feb},
}
@InProceedings{wil_nano2004,
author = {A. Dehon and M. J. Wilson},
title = {Nanowire-based sublithographic programmable logic arrays},
booktitle = {Proceedings of the 2004 ACM/SIGDA 12th International Symposium on Field Programmable Gate Arrays},
OPTcrossref = {•},
OPTkey = {•},
pages = {123--132},
OPTyear = {2004},
OPTeditor = {•},
OPTvolume = {},
OPTnumber = {},
OPTseries = {•},
OPTaddress = {•},
OPTmonth = {•},
OPTorganization = {•},
OPTpublisher = {•},
OPTnote = {•},
OPTannote = {•}
}
@InProceedings{swartz_2011,
author = {L. Lu, W. Q. Liu, M. O' Neil and E.E Swartzlander},
title = {{QCA} Systolic Array Design},
booktitle = {IEEE Transactions on computers},
OPTcrossref = {•},
OPTkey = {•},
pages = {},
OPTyear = {2011},
OPTeditor = {•},
OPTvolume = {},
OPTnumber = {},
OPTseries = {•},
OPTaddress = {•},
OPTmonth = {December},
OPTorganization = {•},
OPTpublisher = {•},
OPTnote = {•},
OPTannote = {•}
}

@Article{kun_2010,
author = {K. Kong and others},
title = {An optimized Majority Logic Synthesis Methodology for Quantum-Dot Cellular Automata},
journal = {{IEEE} Trans. Nanotechnol},
year = {2010},
volume = {9},
number = {2},
pages = {170--183},
}

@Article{jm_tnano2004,
author = {J. M. Seminario and others},
title = {A molecular device operating at terahertz frequencies: Theoretical simulations},
journal = {IEEE Transactions on Nanotechnology},
year = {2004},
volume = {3},
number = {1},
pages = {215--218},
}


@InProceedings{swart_ieee2009,
author = {I. Kong and others},
title = {Design of a Goldschmidt Iterative Divider for Quantum-Dot Cellular Automata},
booktitle = {Proceedings of the IEEE/ACM International Symposium on Nanoscale Architectures},
OPTcrossref = {•},
OPTkey = {•},
pages = {47--50},
year = {2009},
OPTeditor = {•},
OPTvolume = {•},
OPTnumber = {•},
OPTseries = {•},
OPTaddress = {•},
OPTmonth = {•},
OPTorganization = {•},
OPTpublisher = {•},
OPTnote = {•},
OPTannote = {•}
}

@Article{burn_sc2000,
author = {R. P. Cowburn and M. E. Welland},
title = {Room temperature magnetic quantum cellular automata},
journal = {Science},
year = {2000},
volume = {287},
number = {5457},
pages = {1466--1468}
}
@Article{wang_ieee2004,
author = {Y. Wang and M. Lieberman},
title = {Thermodynamic behavior of molecular-scale quantum-dot cellular automata {QCA} wires and logic devices},
journal = {IEEE Trans. on Nano},
year = {2004},
volume = {3},
number = {3},
pages = {368--376},

}
@Article{silva_2015,
author = {D. S. Silva},
title = {Robust serial nanocommunication with {QCA}},
journal = {IEEE Trans. on Nanotechnology},
year = {2015},
volume = {14},
number = {3},
month = {},

}



@Book{shukla_2004,
ALTauthor = {•},
editor = {S. K. Shukla and R. I. Bahar},
title = {Nano, Quantum and Molecular Computing},
publisher = {Kluwer Academic Publishers},
year = {2004},
OPTkey = {•},
OPTvolume = {•},
OPTnumber = {•},
OPTseries = {•},
OPTaddress = {•},
OPTedition = {•},
OPTmonth = {•},
OPTnote = {•},
OPTannote = {•}
}
@Book{kpudi,
author = {K. Sridharan, V. Pudi},
editor = {},
title = {Design of Arithmetic circuits in QCA Nanotechnology},
publisher = {springer},
chapter = {2},
OPTkey = {•},
OPTvolume = {•},
OPTnumber = {•},
OPTseries = {•},
OPTaddress = {•},
OPTedition = {•},
OPTmonth = {•},
OPTnote = {•},
OPTannote = {•}
}

@Article{tougaw_jap2010,
author = {G. A. Anduwan and others},
title = {Fault-tolerance and thermal characteristics of quantum-dot cellular automata devices},
journal = {Journal of Applied Physics},
year = {2010},
volume = {107},
pages = {114306(1--9)},
}

@MastersThesis{beard_th2006,
author = {M. J. Beard},
title = {Design and Simulation of Fault-tolerant Quantum Cellular Automata (QCA) NOT Gates},
school = {California Institute of Technology},
year = {2006},

}

@Article{roohi_mj2015,
author = {A. Roohi and others},
title = {Design and evaluation of an ultra-area-efficient fault-tolerant {QCA} full adder},
journal = {Microelectronics Journal},
year = {2015},

volume = {46},

pages = {531--542},
}

@Article{kogge_ieeenano2003,
author = {T. J. Dysart and P. M. Kogge},
title = {Strategy and Prototype Tool for Doing Fault Modeling in a Nano-technology},
journal = {Nanotechnology},
year = {2003},

volume = {2},
pages = {356--359},
}

@InProceedings{ramesh_asp2005,
author = {T. Wei and others},
title = {Fault Tolerant Quantum Cellular Array (QCA) Design using Triple Modular Redundancy with Shifted Operands},
booktitle = {Proceedings of the ASP-DAC},
OPTcrossref = {•},
OPTkey = {•},
pages = {1192--1195},
year = {2005},
OPTeditor = {•},
volume = {2},
OPTnumber = {•},
OPTseries = {•},
OPTaddress = {•},
OPTmonth = {•},
OPTorganization = {•},
OPTpublisher = {•},
OPTnote = {•},
OPTannote = {•}
}


@Misc{han_2002,
OPTkey = {•},
author = {J. Han and P. Jonker},
title = {A Fault-Tolerant Technique for Nanocomputers: {NAND} Multiplexing},
howpublished = {Pattern Recognition Group, Department of Applied Physics, Delft University of Technology},
OPTmonth = {•},
year = {2002},
OPTnote = {•},
OPTannote = {•}
}



@InProceedings{beiu_arch2005,
author = {V. Beiu and others},
title = {The Vanishing Majority Gate Trading Power and Speed for Reliability},
booktitle = {Proc. Intl. Work. Design \& Test Defect-Tolerant Nanoscale Arch.},


pages = {23--25},
year = {2005},

}



@InProceedings{cotofana_nanoarch2013,
author = {G. R. Voicu and S. D. Cotofana},
title = {Towards Heterogenous 3D-Stacked Reliable Computing with von Neumann Multiplexing},
booktitle = {{IEEE/ACM} International Symposium on Nanoscale Architectures, {NANOARCH},2013},
OPTcrossref = {•},
OPTkey = {•},
pages = {122--127},
OPTyear = {•},
OPTeditor = {•},
OPTvolume = {•},
OPTnumber = {•},
OPTseries = {•},
OPTaddress = {•},
OPTmonth = {•},
OPTorganization = {•},
OPTpublisher = {•},
OPTnote = {•},
OPTannote = {•}
}

@PhdThesis{spagocci2008,
author = {S.M. Spagocci},
title = {Fault Tolerance Issues in Nanoelectronics},
school = {University of London},
year = {2008},

}
@InProceedings{berzon_vlsipr1999,
author = {D. Berzon and T. J. Fountain},
title = {A Memory Design in QCAs using the SQUARES Formalism},
booktitle = {Proceedings of the Ninth Great Lakes Symposium on VLSI},
OPTcrossref = {•},
OPTkey = {•},
pages = {166--169},
year = {1999},
OPTeditor = {•},
OPTvolume = {•},
OPTnumber = {•},
OPTseries = {•},
OPTaddress = {•},
OPTmonth = {•},
OPTorganization = {•},
OPTpublisher = {•},
OPTnote = {•},
OPTannote = {•}
}



@Article{Momenzadeh_tcad2005,
author = {M. Momenzadeh and J. Huang},
title = {Characterization, Test, and Logic Synthesis of And-Or-Inverter {AOI} Gate Design for QCA Implementation},
journal = {IEEE Transactions on Computer-aided design of integrated circuits and systems},
year = {2005},

volume = {24},
number = {12},
pages = {1881--1893},

}
@InProceedings{Lombardi_cs2005,
author = {M. Momenzadeh and others},
title = {Modeling {QCA} Defects at Molecular-level in Combinational Circuits},
booktitle = {International Symposium on Defect and Fault Tolerance in VLSI Systems},
OPTcrossref = {•},
OPTkey = {•},
pages = {208--216},
year = {2005},
OPTeditor = {•},
OPTvolume = {•},
OPTnumber = {•},
OPTseries = {•},
OPTaddress = {•},
OPTmonth = {•},
OPTorganization = {•},
OPTpublisher = {•},
OPTnote = {•},
OPTannote = {•}
}






@InProceedings{Lombardi_dfvlsi2008,
author = {X. Ma and F. Lombardi},
title = {Fault Tolerant Schemes for {QCA} Systems},
booktitle = {International Symposium on Defect and Fault Tolerance of {VLSI} Systems},
OPTcrossref = {•},
OPTkey = {•},
pages = {236--244},
year = {2008},
OPTeditor = {•},
OPTvolume = {•},
OPTnumber = {•},
OPTseries = {•},
OPTaddress = {•},
OPTmonth = {•},
OPTorganization = {•},
OPTpublisher = {•},
OPTnote = {•},
OPTannote = {•}
}

@Article{cho_tc2009,
author = {H. Cho and E. E. Swartzlander},
title = {Adder and Multiplier Design in Quantum-Dot Cellular Automata},
journal = {IEEE Trans. on Computers},
year = {2009},

volume = {58},
number = {6},
pages={721--727}, 
}


@InProceedings{Pulimeno_INEC2011,
author = {A. Pulimeno and others},
title = {Molecular QCA: a Write-In System Based on Electric Fields},
booktitle = {IEEE 4th International Nanoelectronics Conference (INEC), 2011},

pages = {1--2},

}


@Article{Pulimeno_tnano2013,
author = {A. Pulimeno and others},
title = {Bis-Ferrocene Molecular QCA Wire: Ab Initio Simulations of Fabrication Driven Fault Tolerance},
journal = {IEEE Transactions on Nanotechnology},
year = {2013},

volume = {12}, 
number = {4},
pages = {498--507},
}

@Article{Swartzlander_tc2014,
author = {I. Kong and others},
title = {Design of Goldschmidt Dividers with Quantum-Dot Cellular Automata},
journal = {IEEE Transactions on Computers},
year = {2014},

volume = {63},
number = {10},
pages={2620--2625}, 
}


@Misc{Armstrong_nasa2003,

author = {C. D. Armstrong and W. M. Humphreys},
title = {The Development of Design Tools for Fault Tolerant Quantum Dot Cellular Automata Based Logic},

year = {2003},

}




@InProceedings{lent_pieee1997,
author = {C. S. Lent and P. D. Tougaw},
title = {A Device Architecture for Computing with Quantum Dots},
booktitle = {Proceedings of the IEEE},
OPTcrossref = {•},
OPTkey = {•},
pages = {541--557},
year = {1997},
OPTeditor = {•},
volume = {85},
OPTnumber = {•},
OPTseries = {•},
OPTaddress = {•},
OPTmonth = {•},
OPTorganization = {•},
OPTpublisher = {•},
OPTnote = {•},
OPTannote = {•}
}



@PhdThesis{Roelke_2006,
author = {G. R. Roelke IV},
title = {Fault and Defect Tolerant Computer Architectures: Reliable Computing With Unreliable Devices},
school = {Air Force Institute of Technology Wright-Patterson Air Force Base, Ohio},
year = {2006},

}

@Article{bhanja_jet2007,
author = {S. Bhanja and others},
title = {{QCA} Circuits for Robust Coplanar Crossing},
journal = {J. Electron. Test.},
year = {2007},

volume = {23},
number = {2-3},
pages = {193--210},
}

@Article{amir_jnr2001,
author = {A. Fijany and B. N. Toomarian},
title = {New design for quantum dots cellular automata to obtain fault tolerant logic gates},
journal = {Journal of Nanoparticle Research},
year = {2001},

volume = {3},
number = {1},
pages = {27--37},

}

@PhdThesis{han_2004,
author = {J. Han},
title = {Fault-tolerant Architectures for Nanoelectronic and Quantum Devices},
school = {Delft University of Technology},
year = {2004},

}

@MastersThesis{Bhaduri_2004,
author = {D. Bhaduri},
title = {Tools and Techniques for Evaluating Reliability Trade-offs for Nano-Architectures},
school = {Virginia Polytechnic Institute and State University},
year = {2004},

}


@InProceedings{Bibhash_indicon2014,
author = {B. Sen and others},
title = {Efficient Design of Fault Tolerant Tiles In {QCA}},
booktitle = {Annual {IEEE} India Conference (INDICON)},
OPTcrossref = {•},
OPTkey = {•},
pages = {1--6},
year = {2014},
OPTeditor = {•},
OPTvolume = {•},
OPTnumber = {•},
OPTseries = {•},
OPTaddress = {•},
OPTmonth = {•},
OPTorganization = {•},
OPTpublisher = {•},
OPTnote = {•},
OPTannote = {•}
}



@MastersThesis{Michael_2004,
author = {M. T. Niemier},
title = {Designing Digital Systems in Quantum Cellular Automata},
school = {Graduate School of the University of Notre Dame},
year = {2004},

}


@Misc{Crocker_notre,

author = {M. Crocker and others},
title = {Fault Models and Yield Analysia For {QCA}-Based {PLAS}},

}

@Article{ganesh_ijcte2010,
author = { E. N. Ganesh and others},
title = {Study and Simulation of Fault Tolerant Quantum Cellular Automata Structures},
journal = {International Journal of Computer Theory and Engineering},
year = {2010},

volume = {2},
number = {6},
pages={871--876},
}


@InProceedings{han_icpr2004,
author = {J. Han and P. Jonker},
title = {From Massively Parallel Image Processors to Fault-Tolerant Nanocomputers},
booktitle = {Proceedings of the 17th International Conference on Pattern Recognition},

pages = {2--7},
year = {2004},

volume = {3},


}

@Article{roy_tnano2005,
author = {S. Roy and V. Beiu},
title = {Majority Multiplexing - {E}conomical Redundant Fault-Tolerant Designs for Nanoarchitectures},
journal = IEEE_J_NANO,
year = {2005},

volume = {4},
number = {4},
pages={441-451}, 
OPTmonth = {july},

}

@InProceedings{Feinstein_RMW2007,
author = {D. Y. Feinstein and M. A. Thornton},
title = {{ESOP} Transformation to Majority Gates for Quantum-dot Cellular 
Automata Logic Synthesis },
booktitle = {Reed-Muller Workshop},
OPTcrossref = {•},
OPTkey = {•},
pages = {43-50},
year = {2007},
OPTeditor = {•},
OPTvolume = {•},
OPTnumber = {•},
OPTseries = {•},
OPTaddress = {•},
OPTmonth = {•},
OPTorganization = {•},
OPTpublisher = {•},
OPTnote = {•},
OPTannote = {•}
}


@Misc{kogge_notre,

author = {T. J. Dysart and others},
title = {Missing Cell Patterns Causing Circuit Failures In Densely Packed Molecular QCA Wires},

}

@Article{puri_jpdc2001,
author = {V. Piuri},
title = {Analysis of fault tolerance in artificial neural networks},
journal = {Journal of Parallel and Distributed Computing},
year = {2001},

volume = {61},
number = {1},
pages = {18-48},
OPTmonth = {january},
OPTnote = {0743--7315},

}


@InProceedings{lombardi_2004,
author = {M. B. Tahoori and others},
title = {Defects and Faults in Quantum Cellular Automata at Nano Scale},
booktitle = {Proceedings of the 22nd {IEEE VLSI} Test Symposium},
OPTcrossref = {•},
OPTkey = {•},
pages = {291--296},
year = {2004},
OPTeditor = {•},
OPTvolume = {•},
OPTnumber = {•},
OPTseries = {•},
OPTaddress = {•},
OPTmonth = {•},
organization = {Computer Society},
publisher = {IEEE},
OPTnote = {•},
OPTannote = {•}
}

@InProceedings{han_picvlsi2003,
author = {J. han and P. P. Jonker},
title = {A Study on Fault-Tolerant Circuits Using Redundancy},
booktitle = {Proceedings of the International Conference on {VLSI}},
OPTcrossref = {•},

year = {2003},

}

@InProceedings{armstrong_nasa2003,
author = {C. D. Armstrong and others},
title = {The design of fault tolerant quantum dot cellular automata based logic},
booktitle = {In Proc. 11th {NASA} Symp. {VLSI} Design, Coeur d'Alene},
year = {2003},
}


@PhdThesis{Lingasubramanian_florida2010,
author = {K. Lingasubramanian},
title = {Probabilistic Error Analysis Models for Nano-Domain {VLSI} Circuits},
school = {College of Engineering University of South Florida},
year = {2010},

}

@Misc{neumann_1956,

author = {J. V. Neumann},
title = {Probabilistic Logics and the Synthesis of Reliable Organisms from Unreliable Components},

year = {1956},

}

@Article{npks_tcadics2005,
author = {G. Norman and others},
title = {Evaluating the Reliability of {NAND} Multiplexing with {PRISM}},
journal = {{IEEE} Transactions on Computer-Aided Design of Integrated Circuits and Systems},
year = {2005},

volume = {24},
number = {10},
pages = {1629--1637},

}


@InProceedings{lombardi_date_2006,
author = {J. Huang and others},
title = {Defect Tolerance of {QCA} Tiles},
booktitle = {Design, Automation and Test in Europe},
OPTcrossref = {•},
OPTkey = {•},
pages = {1--6},
year = {2006},
OPTeditor = {•},
volume = {1},
OPTnumber = {•},
OPTseries = {•},
OPTaddress = {•},
OPTmonth = {•},
OPTorganization = {•},
OPTpublisher = {•},
OPTnote = {•},
OPTannote = {•}
}


@MastersThesis{PATITZ_oklahoma2002,
author = {Z. D. Patitz},
title = {Fault Tolerant Quantum-Dot Cellular Automata Majority Gate Design},
school = {Oklahoma State University},
year = {2002},

}



@InProceedings{lombardi_ISDFTvlsi2007,
author = {J. Huang and others},
title = {Testing Reversible One-Dimensional QCA Arrays for Multiple Faults},
booktitle = {22nd {IEEE} International Symposium on Defect and Fault Tolerance in {VLSI} Systems},

pages = {469--477},
year = {2007},

OPTmonth = {Sept.},

OPTpublisher = {IEEE},

}
@InProceedings{firdous_2015,
author = {F. Ahmad et al.},
title = {Design and Analysis of Odd and Even Parity generators and checkers using {QCA}},
booktitle = { {INDIACom}},

pages = {187--193},
year = {2015},

OPTmonth = {Aug.},

OPTpublisher = {IEEE},

}
@Article{lent_jvst2001,
author = {K. Hennessy and C. S. Lent},
title = {Clocking of molecular quantum-dot cellular automata},
journal = {J. Vac. Sci. Technol.},
year = {2001},

volume = {19},
number = {5},
pages = {1752--1755},

}
@Article{Hanan_2011,
author = {H. Mahmoud},
title = {Systematic Minimization technique for Majority-Majority Digital combinational circuits},
journal = {Science alert},
year = {2011},

volume = {11},
number = {5},
pages = {832-839},

}
@Article{firdous_bhat2014,
author = {F. Ahmad and G. M. Bhat},
title = {Novel code converts Based on {QCA}},
journal = {Intl. journal of science and research},
year = {2014},

volume = {3},
number = {5},
month = {},

}

@Article{Bibhash_swj2013,
author = {B. Sen and others},
title = {Design of Efficient Full Adder in Quantum-Dot Cellular Automata},
journal = {The Scientific World Journal},
year = {2013},
OPTkey = {•},
volume = {2013},
OPTnumber = {•},
pages = {1--10},
OPTmonth = {•},
OPTnote = {•},
OPTannote = {•}
}


%XOR CITATIONS



@Book{roy_springer2006,
author = {S. Roy and B. Saha},
ALTeditor = {El Yacoubi and Samira and Chopard and Bastien and Bandini and Stefania},
title = {Cellular Automata},
publisher = {Springer Berlin Heidelberg},
year = {2006},

}
@InProceedings{teja_nems2008,
author = {V. C. Teja and others},
title = {{QCA} based Multiplexing of 16 Arithmetic \& Logical Subsystems-A paradigm for Nano Computing},
booktitle = {Intl. Conf. on Nano/Micro Engineered and Molecular Systems},

pages = {758--763},
year = {2008},


OPTpublisher = {IEEE},

}

@Article{lakshmi_ijca2010,
author = {S. K. Lakshmi and G. Athisha},
title = {Efficient Design of Logical Structures and Functions using Nanotechnology Based Quantum Dot Cellular Automata Design},
journal = {International Journal of Computer Application},
year = {2010},

volume = {3},
number = {5},
pages = {35--42},
}


@Article{pallavi_ijsrd2014,
author = {A. Pallavi and N. M. Muthukrishnan},
title = {Implementation of Code Converters in {QCAD}},
journal = {International Journal for Scientific Research \& Development},
year = {2014},

volume = {2},
pages = {421--425},
}



@InProceedings{bhat_INDIACom2015,
author = {F. Ahmad and G. M. Bhat},
title = {Design of Novel Inverter and Buffer in Quantum-dot Cellular Automata {(QCA)}},
booktitle = {International  Conference on Computing for Sustainable Global Development {(INDIACom)}},
OPTcrossref = {•},
OPTkey = {•},
OPTpages = {•},
year = {2015},
OPTeditor = {•},
OPTvolume = {•},
OPTnumber = {•},
OPTseries = {•},
OPTaddress = {•},
OPTmonth = {•},
OPTorganization = {•},
OPTpublisher = {•},
OPTnote = {•},
OPTannote = {•}
}




@Article{beigh_ijpap2013,
author = {M. Mustafa and M. R. Beigh},
title = {Design and Implementation of {QCA} Based Novel Parity Generator and Checker Circuit with Minimum Complexity and Cell Count},
journal = {Indian Journal of Pure and Applied Physics},
year = {2013},
volume = {51},
pages = {60--66},


}

@Article{hema_waset2011,
author = {H. S. Jagarlamudi and others},
title = {Quantum Dot Cellular Automata Based Effective Design of Combinational and Sequential Logical Structures},
journal = {World Academy of Science, Engineering and Technology},
year = {2011},

volume = {5},

}
@Article{S_utpal2014,
author = {S. Santra and U. Roy},
title = {Design and Optimization of Parity Generator and Parity Checker Based On Quantum-dot Cellular Automata},
journal = {{IJCEACIE}},
year = {2014},
number={3},
volume = {8},

}

@Article{shah_IOSR-JCE2014,
author = {W. S. Jahan and others},
title = {Circuit Nanotechnology: {QCA} Adder Gate Layout Designs},
journal = {{IOSR} Journal of Computer Engineering},
year = {2014},

volume = {16},
pages = {70--78},
}

@Article{lent_iop2006,
author = {C. S. Lent and others},
title = {Bennett clocking of quantum-dot cellular automata and the limits to binary logic scaling},
journal = {Nanotechnology},
year = {2006},
volume = {16},
number = {17},
pages = {4240--4251},

}




@Article{piuri_jpdc2000,
author = {V. Piuri},
title = {Analysis of fault tolerance in artificial neural networks},
journal = {Journal of Parallel and Distributed Computing},
year = {2001},

volume = {61},
number = {61},
pages = {18--48},

}


@Article{tahoori_tnano2004,
author = {M. B. Tahoori and others},
title = {Testing of quantum cellular automata},
journal = {{IEEE} Transactions on Nanotechnology},
year = {2004},
OPTkey = {•},
volume = {3},
number = {4},
pages = {432--442},
OPTmonth = {•},
OPTnote = {•},
OPTannote = {•}
}

@Article{DM_d2016,
author = {D. Kumar and D. Mitra},
title = {Design of a practical fault-tolerant adder in {QCA}},
journal = {Microelectronics},
year = {2016},
OPTkey = {•},
volume = {53},
number = {},
pages = {90-104},
OPTmonth = {July},
OPTnote = {•},
OPTannote = {•}
}

@InProceedings{lombardi_2004,
author = {M. B. Tahoori and others},
title = {Defects and Faults in Quantum Cellular Automata at Nano Scale},

pages = {291--296},
year = {2004},

organization = {Proceedings of the IEEE VLSI Test Symposium},
OPTpublisher = {IEEE},

}

@InProceedings{csIsak_2003,
author = {B. Isaksen and C.S.Lent},
title = {Molecular Quantum-dot cellular automata},
booktitle = {Proceedings of the third IEEE conference on Nanotechnology},
OPTcrossref = {•},
OPTkey = {•},
pages = {5--8},
year = {2003},
OPTeditor = {•},
volume = {2},
OPTnumber = {•},
OPTseries = {•},
OPTaddress = {•},
OPTmonth = {•},
OPTorganization = {•},
OPTpublisher = {•},
OPTnote = {•},
OPTannote = {•}
}




@InProceedings{momenzadeh_pdps2004,
author = {M. Momenzadeh and others},
title = {Quantum Cellular Automata: New defects and Faults for New Devices},
booktitle = {18th International Parallel and Distributed Processing Symposium},
OPTcrossref = {•},
OPTkey = {•},
pages = {207--214},
year = {2004},
OPTeditor = {•},
OPTvolume = {•},
OPTnumber = {•},
OPTseries = {•},
OPTaddress = {•},
OPTmonth = {•},
OPTorganization = {•},
OPTpublisher = {•},
OPTnote = {•},
OPTannote = {•}
}


@InProceedings{sen_vdat2007,
author = {B. Sen and B. K. Sikder},
title = {Characterization of universal nand-nor inverter {QCA} gate},
booktitle = {Proceedings of VLSI Design and Test Symposium},
OPTcrossref = {•},
OPTkey = {•},
pages = {43--442},
year = {2007},
OPTeditor = {•},
OPTvolume = {•},
OPTnumber = {•},
OPTseries = {•},
OPTaddress = {•},
OPTmonth = {•},
OPTorganization = {•},
OPTpublisher = {•},
OPTnote = {•},
OPTannote = {•}
}



@Article{lent_jacs2003,
author = {C. S. Lent and others},
title = {Molecular quantum-dot cellular automata},
journal = {Journal of the American Chemical Society},
year = {2003},
OPTkey = {•},
volume = {125},
OPTnumber = {•},
pages = {1056--1063},
OPTmonth = {•},
OPTnote = {•},
OPTannote = {•}
}

@Article{Isakcs_2003,
author = {C. S. Lent and B.Isaksen},
title = {Clocked Molecular quantum-dot cellular automata},
journal = {{IEEE} Trans. Electron Devices},
year = {2003},
OPTkey = {•},
volume = {50},
OPTnumber = {9},
pages = {1890-1896},
OPTmonth = {•},
OPTnote = {•},
OPTannote = {•}
}

@InProceedings{swartzlander_asilomar2012,
author = {W. Liu and others},
title = {A Review of {QCA} Adders and Metrics},

pages = {747-751},
year = {2012},

organization = {Asilomar Conference on Signals, Systems and Computers},
OPTpublisher = {},

}


@InProceedings{Taskin_NANOSARCH_2007,
author = {B. Taskin and others},
title = {A shift-register-based {QCA} memory architecture},
booktitle = {IEEE International Symposium on Nanoscale Architectures (NANOSARCH)},
OPTcrossref = {•},
OPTkey = {•},
pages = {54--61},
year = {2007},
OPTeditor = {•},
OPTvolume = {•},
OPTnumber = {•},
OPTseries = {•},
OPTaddress = {•},
OPTmonth = {•},
OPTorganization = {•},
OPTpublisher = {•},
OPTnote = {•},
OPTannote = {•}
}



@Article{VonNeumann1956,
author = {B. Taskin and others},
title = {Probabilistic logics and synthesis of reliable organisms from unreliable components},
journal = {Automata Studies},
year = {1956},
OPTkey = {•},
OPTvolume = {•},
OPTnumber = {•},
pages = {43--98},
OPTmonth = {•},
OPTnote = {•},
OPTannote = {•}
}



@Article{LyonsTMR1962,
author = {R. E. Lyons and W. Venderkulk},
title = {The use of Triple Modular Redundancy to improve Computer Reliability},
journal = {IBM Journal},
year = {1962},
OPTkey = {•},
OPTvolume = {•},
OPTnumber = {•},
pages = {200--209},
OPTmonth = {•},
OPTnote = {•},
OPTannote = {•}
}

@Book{ITRS_2004,
Title={International Technology Roadmap for semicondutors(ITRS)},
YEAR={2004}
}

@Article{Walus_QCADesigner,
author = {K. Walus and others},
title = {{QCAD}esigner: A rapid design and simulation tool for quantum-dot cellular automata},
journal = {{IEEE} Trans. Nanotechnol},
year = {2004},
OPTkey = {•},
volume = {3},
number = {1},
pages = {26--31},
OPTmonth = {•},
OPTnote = {•},
OPTannote = {•}
}

%ADDER RELATED




@Article{Navi_mej2010,
author = {K. Navi and others},
title = {A new Quantum-dot cellular automata full-adder},
journal = {Microelectronics Journal},
year = {2010},
OPTkey = {•},
volume = {41},
OPTnumber = {•},
pages = {820–826},
OPTmonth = {•},
OPTnote = {•},
OPTannote = {•}
}



@InProceedings{wang_cnano2003,
author = {W. Wang and others},
title = {Quantum-dot cellular automata adders},
booktitle = {3rd {IEEE} Conference on Nanotechnology},
OPTcrossref = {•},
OPTkey = {•},
pages = {461--464},
year = {2003},
OPTeditor = {•},
volume = {1},
OPTnumber = {•},
OPTseries = {•},
OPTaddress = {•},
OPTmonth = {•},
OPTorganization = {•},
OPTpublisher = {•},
OPTnote = {•},
OPTannote = {•}
}
@InProceedings{DAAnt_2004,
author = {D.A. Antonelli et al.},
title = {Quantum-dot cellular automata circuit partitioning:Problem Modeling and solutions},
booktitle = {Proceedings of the 41st ACM/IEEE Design Automata Conference},
OPTcrossref = {•},
OPTkey = {•},
pages = {363-368},
year = {2004},
OPTeditor = {•},
volume = {},
OPTnumber = {•},
OPTseries = {•},
OPTaddress = {•},
OPTmonth = {•},
OPTorganization = {•},
OPTpublisher = {•},
OPTnote = {•},
OPTannote = {•}
}

@InProceedings{hanninen_asap2007,
author = {I. Hanninen and J. Takala},
title = {Robust adders based on quantum-dot cellular automata},
booktitle = {{IEEE} International Conference on Application-specific Systems, Architectures and Processors},
OPTcrossref = {•},
OPTkey = {•},
pages = {391--396},
year = {2007},
OPTeditor = {•},
volume = {•},
OPTnumber = {•},
OPTseries = {•},
OPTaddress = {•},
OPTmonth = {•},
OPTorganization = {•},
OPTpublisher = {•},
OPTnote = {•},
OPTannote = {•}
}

@Article{zhang_tnano2004,
author = {R. Zhang et al.},
title = {A Method of Majority Logic Reduction for
Quantum Cellular Automata},
journal = {{IEEE} Trans. Nanotechnol},
year = {2005},
OPTkey = {•},
volume = {3},
number = {4},
pages = {443--450},
OPTmonth = {December},
OPTnote = {•},
OPTannote = {•}
}


@Article{Liu_tnano2014,
author = {W. Liu and others},
title = {A First Step Toward Cost Functions for Quantum-Dot Cellular Automata Designs},
journal = {{IEEE} Trans. Nanotechnol},
year = {2014},
OPTkey = {•},
volume = {13},
OPTnumber = {•},
pages = {476--487},
OPTmonth = {•},
OPTnote = {•},
OPTannote = {•}
}

@Article{Abedi_tnano2015,
author = {D. Abedi and others},
title = {Coplanar Full Adder in Quantum-Dot Cellular
Automata via Clock-Zone-Based Crossover},
journal = {IEEE Transactions on Nanotechnology},
year = {2015},
OPTkey = {•},
volume = {14},
OPTnumber = {•},
pages = {497--504},
OPTmonth = {•},
OPTnote = {•},
OPTannote = {•}
}

@Misc{50_yrs_MooresLaw,
OPTkey = {•},
author = {},
title = {50 Years of Moore's Law},
howpublished = {Intel's Silicon Innovations},
month = {},
year = {},
note = {http://www.intel.in/content/www/in/en/silicon-innovations/moores-law-technology.html},
OPTannote = {•}
}

@Misc{end_of_MooresLaw,
OPTkey = {•},
author = {C. C. Mann},
title = {The End of {M}oore's Law?},
howpublished = {{MIT} Technology Review},
month = {May},
year = {2000},
note = {http://www.technologyreview.com/featuredstory/400710/the-end-of-moores-law/},
OPTannote = {•}
}

@Misc{QCA_Wikipedia,
OPTkey = {•},
author = {Wikipedia},
title = {Quantum dot cellular automaton},
OPThowpublished = {{MIT} Technology Review},
OPTmonth = {May},
OPTyear = {2000},
note = {https://en.wikipedia.org/wiki/Quantum\_dot\_cellular\_automaton/},
OPTannote = {•}
}




@InProceedings{zhang_ISCAS2005,
author = {R. Zhang and others},
title = {Performance comparison of quantum-dot cellular automata adders},
booktitle = {{ISCAS}},
OPTcrossref = {•},
OPTkey = {•},
pages = {2522--2526},
year = {2005},
OPTeditor = {•},
OPTvolume = {•},
OPTnumber = {•},
OPTseries = {•},
OPTaddress = {•},
OPTmonth = {•},
OPTorganization = {•},
OPTpublisher = {•},
OPTnote = {•},
OPTannote = {•}
}






@Article{pudi_TNANO2012,
author = {V. Pudi and K. 
dharan},
title = {Low Complexity Design of Ripple Carry and {B}rent{-}{K}ung Adders in {QCA}},
journal = {{IEEE} Transactions on Nanotechnology},
year = {2012},
OPTkey = {•},
volume = {11},
number = {1},
pages = {105--119},
OPTmonth = {•},
OPTnote = {•},
OPTannote = {•}
}

@InProceedings{singh_SPIN2015,
author = {P.L. Singh and others},
title = {A Novel Realization of Reversible {LFSR} for its Application in Cryptography},
booktitle = { 2nd International Conference on Signal Processing and Integrated Networks (SPIN)},
OPTcrossref = {•},
OPTkey = {•},
pages = {601--606},
year = {2015},
OPTeditor = {•},
OPTvolume = {•},
OPTnumber = {•},
OPTseries = {•},
OPTaddress = {•},
OPTmonth = {•},
OPTorganization = {•},
OPTpublisher = {•},
OPTnote = {•},
OPTannote = {•}
}

@Article{beigh_ijpap2014,
author = {M. Mustafa and M. R. Beigh},
title = {Novel linear feedback shift register design in quantum-dot cellular automata},
journal = {Indian Journal of Pure and Applied Physics},
year = {2014},
OPTkey = {•},
volume = {52},
OPTnumber = {•},
pages = {203--209},
OPTmonth = {•},
OPTnote = {•},
OPTannote = {•}
}

@Article{awais_tnano2013,
author = {M. Awais and others},
title = {Quantum Dot Cellular Automata Check Node Implementation for {LDPC} Decoders},
journal = {{IEEE} Transactions on Nanotechnology},
year = {2013},
OPTkey = {•},
volume = {12},
number = {3},
pages = {368--377},
OPTmonth = {•},
OPTnote = {•},
OPTannote = {•}
}

@InProceedings{Kianpour_NSTSI2011,
author = {M. Kianpour and R. S. Nadooshan},
title = {A Novel Modular Decoder Implementation In Quantum-dot Cellular Automata ({QCA})},
booktitle = {International Conference on Nanoscience, Technology and Societal Implications (NSTSI)},
OPTcrossref = {•},
OPTkey = {•},
pages = {1--5},
year = {2011},
OPTeditor = {•},
OPTvolume = {•},
OPTnumber = {•},
OPTseries = {•},
OPTaddress = {•},
OPTmonth = {•},
OPTorganization = {•},
OPTpublisher = {•},
OPTnote = {•},
OPTannote = {•}
}

@InProceedings{pudi_icn2013,
author = {V. Pudi and K. Sridharan},
title = {Efficient Design of Baugh-Wooley Multiplier in Quantum-Dot Cellular
Automata},
booktitle = {Proceedings of 13th {IEEE} International Conference on Nanotechnology},
OPTcrossref = {•},
OPTkey = {•},
pages = {702--706},
year = {2013},
OPTeditor = {•},
OPTvolume = {•},
OPTnumber = {•},
OPTseries = {•},
OPTaddress = {•},
OPTmonth = {•},
OPTorganization = {•},
OPTpublisher = {•},
OPTnote = {•},
OPTannote = {•}
}

@Article{Gin_jap1999,
author = {P. G. Krause and others},
title = {An Alternative Geometry for Quantum Cellular Automata},
journal = {Journal of Applied Physics},
year = {1999},
OPTkey = {•},
volume = {85},
number = {12},
pages = {8281--8286},
OPTmonth = {•},
OPTnote = {•},
OPTannote = {•}
}

@Article{hasemi_sre2012,
author = {S. Hashemi and others},
title = {An efficient quantum-dot cellular automata full-adder},
journal = {Scientific Research and Essays},
year = {2012},
OPTkey = {•},
volume = {7},
number = {2},
pages = {177--189},
OPTmonth = {•},
OPTnote = {•},
OPTannote = {•}
}

@InProceedings{lent_ieee1997,
author = {C. S. Lent and P. D. Tougaw},
title = {A Device Architecture for Computing with Quantum Dots},
booktitle = {Proceedings of the IEEE},
OPTcrossref = {•},
OPTkey = {•},
pages = {541--557},
year = {1997},
OPTeditor = {•},
volume = {85},

OPTseries = {•},
OPTaddress = {•},
OPTmonth = {•},
OPTorganization = {•},
OPTpublisher = {•},
OPTnote = {•},
OPTannote = {•}
}

@Article{Angizi_jlpe2014,
author = {S. Angizi and others},
title = {Novel Robust Single Layer Wire Crossing Approach for Exclusive OR Sum of Products Logic Design with Quantum-Dot Cellular Automata},
journal = {Journal of Low Power Electronics},
year = {2014},
OPTkey = {•},
volume = {10},
OPTnumber = {•},
pages = {259--271},
OPTmonth = {•},
OPTnote = {•},
OPTannote = {•}
}

@Article{Farazkish_mm2015,
author = {R. Farazkish and F. Khodaparast},
title = {Design and characterization of a new fault-tolerant full-adder for quantum-dot cellular automata},
journal = {Microprocessors and Microsystems},
year = {2015},
OPTkey = {•},
volume = {39},
OPTnumber = {•},
pages = {426--433},
OPTmonth = {•},
OPTnote = {•},
OPTannote = {•}
}

@Article{Farazkish_jnr2014,
author = {R. Farazkish},
title = {A new quantum-dot cellular automata fault-tolerant five-input majority gate},
journal = {Journal of Nanoparticle Research},
year = {2014},
OPTkey = {•},
volume = {16},
OPTnumber = {•},
pages = {1--7},
OPTmonth = {•},
OPTnote = {•},
OPTannote = {•}
}
@Article{beigh_2013,
author = {M. R. Beigh and others},
title = {Performance Evaluation of Efficient {XOR} structures in Quantum-Dot Cellular Automata {(QCA)}},
journal = {Circuits and Systems},
year = {2013},
OPTkey = {•},
volume = {4},
OPTnumber = {•},
pages = {147--156},
OPTmonth = {•},
OPTnote = {•},
OPTannote = {•}
}

@Article{pudi_cla_tcs2012,
author = {V. Pudi and K. Sridharan},
title = {New Decomposition Theorems on Majority Logic for Low-Delay Adder Designs in Quantum Dot Cellular Automata},
journal = {{IEEE} Transactions on Circuits and Systems-II: Express Briefs},
year = {2012},
OPTkey = {•},
volume = {59},
OPTnumber = {•},
pages = {678--682},
OPTmonth = {•},
OPTnote = {•},
OPTannote = {•}
}

@Article{fijany_jnr2001,
author = {A. Fijany and B. N. Toomarian},
title = {New design for quantum dots cellular automata to obtain fault tolerant logic gates},
journal = {Journal of Nanoparticle Research},
year = {2001},
OPTkey = {•},
volume = {3},
OPTnumber = {•},
pages = {27--37},
OPTmonth = {•},
OPTnote = {•},
OPTannote = {•}
}

@Article{timler_jap2002,
author = {J. Timler and C. S. Lent},
title = {Power gain and dissipation in quantum-dot cellular automata},
journal = {Journal of Applied Physics},
year = {2002},
OPTkey = {•},
volume = {91},
OPTnumber = {•},
pages = {823--831},
OPTmonth = {•},
OPTnote = {•},
OPTannote = {•}
}

@Article{Sheikhfaal_mj2015,
author = {S. Sheikhfaal and others},
title = {Designing efficient {QCA} logical circuits with power dissipation analysis},
journal = {Microelectronics Journal},
year = {2015},
OPTkey = {•},
volume = {46},
OPTnumber = {•},
pages = {462–-471},
OPTmonth = {•},
OPTnote = {•},
OPTannote = {•}
}

@InProceedings{Srivastava_iscas2011,
author = {S. Srivastava and others},
title = {{QCAP}ro - An Error-Power Estimation Tool for {QCA} Circuit Design},
booktitle = {{IEEE} International Symposium on Circuits and Systems (ISCAS)},
OPTcrossref = {•},
OPTkey = {•},
pages = {2377-2380},
year = {2011},
OPTeditor = {•},
OPTvolume = {•},
OPTnumber = {•},
OPTseries = {•},
OPTaddress = {•},
OPTmonth = {•},
OPTorganization = {•},
OPTpublisher = {•},
OPTnote = {•},
OPTannote = {•}
}

@Article{Angizi_mm2015,
author = {S. Angizi and others},
title = {Designing quantum-dot cellular automata counters with energy consumption analysis},
journal = {Microprocessors and Microsystems},
year = {2015},
OPTkey = {•},
volume = {39},
OPTnumber = {•},
pages = {512--520},
OPTmonth = {•},
OPTnote = {•},
OPTannote = {•}
}

@InProceedings{bhanja_nsti2005,
author = {S. Bhanja and S. Srivastava},
title = {Bayesian Modeling of Quantum-Dot-Cellular-Automata Circuits},
booktitle = {NSTI Nanotechnology Conference},
OPTcrossref = {•},
OPTkey = {•},
pages = {31--34},
year = {2005},
OPTeditor = {•},
OPTvolume = {•},
OPTnumber = {•},
OPTseries = {•},
OPTaddress = {•},
OPTmonth = {•},
OPTorganization = {•},
OPTpublisher = {•},
OPTnote = {•},
OPTannote = {•}
}


@Article{Blair_JCE_2010,
author = {E. P. Blair and E. Yost and C. S. Lent},
title = {Power dissipation in clocking wires for clocked molecular quantum-dot cellular automata},
journal = {Journal of Computational Electronics},
year = {2010},

volume = {9},
number = {1},
pages={49--55}, 
}

@Article{Sen_MJ_2016,
author = {B. Sen and others},
title = {On the Reliability of Majority Logic Structure in Quantum-dot Cellular Automata},
journal = {Microelectronics Journal},
year = {2016},
OPTkey = {•},
volume = {47},
OPTnumber = {•},
pages = {7--18},
OPTmonth = {•},
OPTnote = {•},
OPTannote = {•}
}

@InProceedings{Dysart_NANOARCH_2005,
author = {T. J. Dysart and others},
title = {An Analysis of Missing Cell Defects in Quantum-Dot Cellular Automata},
booktitle = {{IEEE} International Workshop on Design and Test of Defect-Tolerant Nanoscale Architectures (NANOARCH)},
OPTcrossref = {•},
OPTkey = {•},
pages = {1--8},
year = {2005},
OPTeditor = {•},
volume = {3},
OPTnumber = {•},
OPTseries = {•},
OPTaddress = {•},
OPTmonth = {•},
OPTorganization = {•},
OPTpublisher = {•},
OPTnote = {•},
OPTannote = {•}
}

@Article{LaRue_TNANO2013,
author = {M. LaRue and others},
title = {Stray Charge in Quantum-dot Cellular Automata: A Validation of the Intercellular Hartree Approximation},
journal = {IEEE Transactions on Nanotechnology},
year = {2013},

volume = {12}, 
number = {2},
pages = {225--233},
}

@Book{Mano_DigitalBook,
ALTauthor = {•},
editor = {M. M. Mano},
title = {Digital Logic and Computer Design},
publisher = {Prentice Hall of India Pvt. Ltd.},
year = {2004},
OPTkey = {•},
OPTvolume = {•},
OPTnumber = {•},
OPTseries = {•},
OPTaddress = {•},
OPTedition = {•},
OPTmonth = {•},
OPTnote = {•},
OPTannote = {•}
}

@InProceedings{Chaudhary_ICCAD2005,
author = {A. Chaudhary and others},
title = {Eliminating Wire Crossings for Molecular Quantum-dot Cellular Automata Implementation},

pages = {565-571},
year = {2005},

organization = {International Conference on Computer-Aided Design},
OPTpublisher = {},

}

@Article{Shin_IJCA_2015,
author = {S. H. Shin and others},
title = {Design of {Exclusive-OR} Logic Gate on {Quantum-Dot Cellular Automata}},
journal = {International Journal of Control and Automation},
year = {2015},
OPTkey = {•},
volume = {8},
OPTnumber = {•},
pages = {95--104},
OPTmonth = {•},
OPTnote = {•},
OPTannote = {•}
}

@Article{Kianpour_IJNN_2014,
author = {M. Kianpour and R. S. Nadooshan},
title = {Novel Design of n-bit Controllable Inverter by Quantum-dot Cellular Automata},
journal = {International Journal of Nanoscience and Nanotechnology},
year = {2014},
OPTkey = {•},
volume = {10},
OPTnumber = {•},
pages = {117--126},
OPTmonth = {•},
OPTnote = {•},
OPTannote = {•}
}


%FOR THESIS
@Article{Khaetskii_PRB_2000,
author = {A. V. Khaetskii and Y. V. Nazarov},
title = {Spin Relaxation in Semiconductor Quantum Dots},
journal = {Physical Review B},
year = {2000},
OPTkey = {•},
volume = {61},
OPTnumber = {•},
pages = {12639--12642},
OPTmonth = {•},
OPTnote = {•},
OPTannote = {•}
}

@Article{Single_SM_2000,
author = {C. Single and others},
title = {Towards quantum cellular automata operation in silicon: transport properties of silicon multiple dot structures},
journal = {Superlattices and Microstructures},
year = {2000},
OPTkey = {•},
volume = {28},
OPTnumber = {•},
pages = {429--434},
OPTmonth = {•},
OPTnote = {•},
OPTannote = {•}
}
@Article{Ravi_2003,
author = {Ravi K. Kummamuru et al.},
title = {Operations of a Quantum-dot Cellular Automata{(QCA)} Shift Register and Analysis of errors },
journal = {IEEE Transactions on Electronic devices},
year = {2003},
OPTkey = {•},
volume = {50},
OPTnumber = {9},
pages = {},
OPTmonth = {•},
OPTnote = {•},
OPTannote = {•}
}

@Article{Smith_SM_2003,
author = {C. G. Smith and others},
title = {Realization of quantum-dot cellular automata using semiconductor quantum dots},
journal = {Superlattices and Microstructures},
year = {2003},
OPTkey = {•},
volume = {34},
OPTnumber = {•},
pages = {195--203},
OPTmonth = {•},
OPTnote = {•},
OPTannote = {•}
}
@Article{Smith_1999,
author = {C. G. Smith },
title = {Computation without current},
journal = {science journal},
year = {1999},
OPTkey = {•},
volume = {284},
OPTnumber = {5412},
pages = {274--274},
OPTmonth = {•},
OPTnote = {•},
OPTannote = {•}
}
@Article{Martinez_APL_2007,
author = {F. P. Martinez and others},
title = {Demonstration of a Quantum Cellular Automata Cell in a {GaAs/AlGaAs} Heterostructure},
journal = {Applied Physics Letters},
year = {2007},
OPTkey = {•},
volume = {91},
OPTnumber = {•},
pages = {032102(1--3)},
OPTmonth = {•},
OPTnote = {•},
OPTannote = {•}
}

@Article{Walus_NANO_2005,
author = {K. Walus and others},
title = {Impurity Charging in Semiconductor Quantum-Dot Cellular Automata},
journal = {Nanotechnology},
year = {2005},
OPTkey = {•},
volume = {16},
OPTnumber = {•},
pages = {2525--2529},
OPTmonth = {•},
OPTnote = {•},
OPTannote = {•}
}

@Article{Orlov_Science_1997,
author = {A. O. Orlov and others},
title = {Realization of A Functional Cell for Quantum-Dot Cellular Automata},
journal = {Science},
year = {1997},
OPTkey = {•},
volume = {277},
OPTnumber = {•},
pages = {928--930},
OPTmonth = {•},
OPTnote = {•},
OPTannote = {•}
}

@Article{Amlani_Science_1991,
author = {I. Amlani and others},
title = {Digital Logic Gate Using {QCA}},
journal = {Science},
year = {1999},
OPTkey = {•},
volume = {284},
OPTnumber = {•},
pages = {289--291},
OPTmonth = {•},
OPTnote = {•},
OPTannote = {•}
}

@Article{Orlov_APL_1999,
author = {A. O. Orlov and others},
title = {Experimental Demonstration of A Binary Wire for Quantum-Dot Cellular Automata},
journal = {Applied Physics Letter},
year = {1999},
OPTkey = {•},
volume = {74},
OPTnumber = {•},
pages = {2875--2877},
OPTmonth = {•},
OPTnote = {•},
OPTannote = {•}
}

@Article{Amlani_APL_2000,
author = {I. Amlani and others},
title = {Experimental Demonstration of A Leadless Quantum-Dot Cellular Automata Cell},
journal = {Applied Physics Letter},
year = {2000},
OPTkey = {•},
volume = {77},
OPTnumber = {•},
pages = {738--740},
OPTmonth = {•},
OPTnote = {•},
OPTannote = {•}
}

@Article{Orlov_APL_2000,
author = {A. O. Orlov and others},
title = {Experimental Demonstration of Clocked Single-Electron Switching in Quantum-Dot Cellular Automata},
journal = {Applied Physics Letter},
year = {2000},
OPTkey = {•},
volume = {77},
OPTnumber = {•},
pages = {295--297},
OPTmonth = {•},
OPTnote = {•},
OPTannote = {•}
}

@Article{Lent_Science_2000,
author = {C. S. Lent},
title = {Bypassing the Transistor Paradigm},
journal = {Science},
year = {2000},
OPTkey = {•},
volume = {288},
OPTnumber = {•},
pages = {1597--1599},
OPTmonth = {•},
OPTnote = {•},
OPTannote = {•}
}

@Article{Lent_JACS_2003,
author = {C. S. Lent and others},
title = {Molecular Quantum-Dot Cellular Automata},
journal = {Journal of the American Chemical Society},
year = {2003},
OPTkey = {•},
volume = {125},
OPTnumber = {•},
pages = {1056--1063},
OPTmonth = {•},
OPTnote = {•},
OPTannote = {•}
}

@Article{Li_IC_2003,
author = {Z. Li and others},
title = {Molecular QCA Cells: 1. Structure and Functionalization of An Unsymmetrical Dinuclear Mixed-Valence Complex for Surface Binding},
journal = {Inorganic Chemistry},
year = {2003},
OPTkey = {•},
volume = {42},
OPTnumber = {•},
pages = {5707–-5714},
OPTmonth = {•},
OPTnote = {•},
OPTannote = {•}
}

@Article{Lu_JCE_2005,
author = {Y. Lu and C. S. Lent},
title = {Theoretical Study of Molecular Quantum-Dot Cellular Automata},
journal = {Journal of Computational Electronics},
year = {2005},
OPTkey = {•},
volume = {4},
OPTnumber = {•},
pages = {115–-118},
OPTmonth = {•},
OPTnote = {•},
OPTannote = {•}
}

@Article{Haider_PRL_2009,
author = {M. Haider and others},
title = {Controlled Coupling and Occupation of Silicon Atomic Quantum Dots at Room Temperature},
journal = {Physical Review Letters},
year = {2009},
OPTkey = {•},
volume = {102},
OPTnumber = {•},
pages = {46805–-46808},
OPTmonth = {•},
OPTnote = {•},
OPTannote = {•}
}

@Article{Hu_TNANO_2005,
author = {W. Hu and others},
title = {High-Resolution Electron Beam Lithography and DNA Nano-Patterning for Molecular QCA},
journal = {IEEE Transactions on Nanotechnology},
year = {2005},
OPTkey = {•},
volume = {4},
OPTnumber = {•},
pages = {312--316},
OPTmonth = {•},
OPTnote = {•},
OPTannote = {•}
}
@Article{Bernstein_MJ_2005,
author = {G. H. Bernstein and others},
title = {Magnetic {QCA} Systems},
journal = {Microelectronics Journal},
year = {2005},
OPTkey = {•},
volume = {36},
OPTnumber = {•},
pages = {619–-624},
OPTmonth = {•},
OPTnote = {•},
OPTannote = {•}
}
@Article{Imre_Science_2006,
author = {A. Imre and others},
title = {Majority Logic Gate for Magnetic Quantum-Dot Cellular Automata},
journal = {Science},
year = {2006},
OPTkey = {•},
volume = {311},
OPTnumber = {•},
pages = {205--208},
OPTmonth = {•},
OPTnote = {•},
OPTannote = {•}
}
@Article{orlov_2008,
author = {A. Orlov et al.},
title = {Magnetic Quantum-Dot cellular Automata: Recent Developments and Prospects},
journal = {Journal of Nanoelectronics and Optoelectronics},
year = {2008},
OPTkey = {•},
volume = {3},
OPTnumber = {•},
pages = {1--14},
OPTmonth = {•},
OPTnote = {•},
OPTannote = {•}
}

@Article{Lu_NANO_2008,
author = {Y. Lu and C. S. Lent},
title = {A metric for characterizing the bistability of molecular Quantum-Dot Cellular Automata},
journal = {Nanotechnology},
year = {2008},
OPTkey = {•},
volume = {19},
OPTnumber = {•},
pages = {1--11},
OPTmonth = {•},
OPTnote = {•},
OPTannote = {•}
}

@InProceedings{Frost_CNANO_2004,
author = {S. E. Frost and others},
title = {Carbon nanotubes for quantum-dot cellular automata clocking},
booktitle = {4th IEEE Conference on Nanotechnology},
OPTcrossref = {•},
OPTkey = {•},
pages = {171--173},
year = {2004},
OPTeditor = {•},
OPTvolume = {•},
OPTnumber = {•},
OPTseries = {•},
OPTaddress = {•},
OPTmonth = {•},
OPTorganization = {•},
OPTpublisher = {•},
OPTnote = {•},
OPTannote = {•}
}

@Article{Vankamamidi_CADICS_2007,
author = {V. Vankamamidi and others},
title = {Two dimensional schemes for clocking/ timing of QCA circuits},
journal = {IEEE Transactions on Computer Aided Design of Integrated Circuits and Systems},
year = {2007},
OPTkey = {•},
volume = {27},
OPTnumber = {•},
pages = {34--44},
OPTmonth = {•},
OPTnote = {•},
OPTannote = {•}
}

@Article{Mardiris_IJCTA_2010,
author = {V. A. Mardiris and I. G. Karafyllidis},
title = {Design and simulation of modular $2^n$ to 1 quantum-dot cellular automata ({QCA}) multiplexers},
journal = {International Journal of Circuit theory and Applications},
year = {2010},
OPTkey = {•},
volume = {38},
OPTnumber = {•},
pages = {771--785},
OPTmonth = {•},
OPTnote = {•},
OPTannote = {•}
}

@Article{Das_FITEE_2016,
author = {J. C. Das and D. De},
title = {Quantum-dot cellular automata based reversible low power parity generator and parity checker design for nanocommunication},
journal = {Frontiers of Information Technology and Electronic Engineering},
year = {2016},
OPTkey = {•}, 
volume = {17},
OPTnumber = {•},
pages = {224--236},
OPTmonth = {•},
OPTnote = {•},
OPTannote = {•}
}
f
@Book{Abd-El-Barr_ICP_2007,
ALTauthor = {•},
editor = {M. Abd-El-Barr},
title = {Design and Analysis of Reliable and Fault-Tolerant Computer Systems},
publisher = {Imperial College Press},
year = {2007},
OPTkey = {•},
OPTvolume = {•},
OPTnumber = {•},
OPTseries = {•},
OPTaddress = {•},
OPTedition = {•},
OPTmonth = {•},
OPTnote = {•},
OPTannote = {•}
}

@Article{Evans_TIT_1998,
author = {W. Evans and N. Pippenger},
title = {On the maximum tolerable noise for reliable computation by formulas},
journal = {IEEE Transactions on Information Theory},
year = {1998},
OPTkey = {•},
volume = {44},
OPTnumber = {•},
pages = {1299–-1305},
OPTmonth = {•},
OPTnote = {•},
OPTannote = {•}
}

@Article{Han_TNANO_2002,
author = {J. Han and P. Jonker,},
title = {A system architecture solution for unreliable nanoelectronic devices},
journal = {IEEE Transactions on Nanotechnology},
year = {2002},
OPTkey = {•},
volume = {1},
OPTnumber = {•},
pages = {201--208},
OPTmonth = {•},
OPTnote = {•},
OPTannote = {•}
}

@Article{Nikolic_Nanotech_2002,
author = {K. Nikolic and others},
title = {Fault-tolerant techniques for nanocomputers},
journal = {Nanotechnology},
year = {2002},
OPTkey = {•},
volume = {13},
OPTnumber = {•},
pages = {357--362},
OPTmonth = {•},
OPTnote = {•},
OPTannote = {•}
}

@Article{Farazkish_JNANO_2012,
author = {Farazkish and others},
title = {Novel Design for Quantum Dots Cellular Automata to Obtain Fault-Tolerant Majority Gate},
journal = {Journal of Nanotechnology},
year = {2012},
OPTkey = {•},
volume = {2012},
OPTnumber = {•},
pages = {1--7},
OPTmonth = {•},
OPTnote = {•},
OPTannote = {•}
}

@Article{Navi_JCTN_2010,
author = {K. Navi and others},
title = {Five-Input Majority Gate, a New Device for Quantum-Dot Cellular Automata},
journal = {Journal of Computational and Theoretical Naanoscience},
year = {2010},
OPTkey = {•},
volume = {7},
OPTnumber = {•},
pages = {1--8},
OPTmonth = {•},
OPTnote = {•},
OPTannote = {•}
}

@Article{Akeela_NSTI_2011,
author = {R. Akeela and M. D. Wagh},
title = {A five-input majority gate in quantum-dot cellular automata},
journal = {NSTI-Nanotech},
year = {2011},
OPTkey = {•},
volume = {2},
OPTnumber = {•},
pages = {13--16},
OPTmonth = {•},
OPTnote = {•},
OPTannote = {•}
}

@Article{Feynman_ON1985,
author = {R. P. Feynman},
title = {Quantum Mechanical Computer},
journal = {Optics News},
year = {1985},
OPTkey = {•},
volume = {11},
OPTnumber = {•},
pages = {11--20},
OPTmonth = {•},
OPTnote = {•},
OPTannote = {•}
}

@Book{Swartzlander_BookChap2014,
author = {M. O'Neill and A. Lau and E. E. Swartzlander},
OPTeditor = {El Yacoubi and Samira and Chopard and Bastien and Bandini and Stefania},
title = {Design of Semiconductor QCA Systems},
publisher = {Artech House Publishers},
year = {2014},

}
